<?xml version="1.0" encoding="UTF-8"?><collection xmlns="http://www.loc.gov/MARC21/slim"><record><leader>00485nam--2200169-i-4500</leader><controlfield tag="001">000011228</controlfield><controlfield tag="002">20161230</controlfield><controlfield tag="005">20170121232921</controlfield><controlfield tag="008">060222s1000------------r-----000-0-eng-d</controlfield><datafield ind1=" " ind2=" " tag="100"><subfield code="a">Aaltonen, Matti</subfield></datafield><datafield ind1=" " ind2=" " tag="245"><subfield code="a">The Nonexistence Of Nearly Perfect Nonbinary Codes For 1&lt;e&lt;10</subfield></datafield><datafield ind1=" " ind2=" " tag="260"><subfield code="a">Turku</subfield><subfield code="b">Turun Yliopisto</subfield><subfield code="c">1970</subfield></datafield><datafield ind1=" " ind2=" " tag="300"><subfield code="a">19 p</subfield></datafield><datafield ind1=" " ind2=" " tag="490"><subfield code="a">Annales Universitatis Turkuensis, Series A</subfield></datafield><datafield ind1=" " ind2=" " tag="700"><subfield code="a">Lindstrom, Kauko</subfield></datafield><datafield ind1=" " ind2=" " tag="852"><subfield code="a">519.72(047.3)</subfield></datafield><datafield ind1=" " ind2=" " tag="CAT"><subfield code="a">SYS</subfield><subfield code="c">20170121</subfield><subfield code="h">232921</subfield></datafield></record></collection>